@mastersthesis{Ory13,
  author="Őry, Máté",
  title="Automatikus feladatkiértékelő rendszer fejlesztése",
  school="Budapesti Műszaki és Gazdaságtudományi Egyetem",
  month="május",
  year=2013,
  type="Szakdolgozat"
}
